
@article{sankaranarayanan2020reasoning,
  title={Reasoning about Uncertainties in Discrete-Time Dynamical Systems using Polynomial Forms.},
  author={Sankaranarayanan, Sriram and Chou, Yi and Goubault, Eric and Putot, Sylvie},
  @journal={Advances in Neural Information Processing Systems.},
  journal={In: NeurIPS},
  @volume={33},
  year={2020}
}

@inproceedings{bouissou2016uncertainty,
  title={Uncertainty propagation using probabilistic affine forms and concentration of measure inequalities},
  author={Bouissou, Olivier and Goubault, Eric and Putot, Sylvie and Chakarov, Aleksandar and Sankaranarayanan, Sriram},
  @booktitle={International Conference on Tools and Algorithms for the Construction and Analysis of Systems (TACAS).},
  booktitle={TACAS},
  @doi={10.1007/978-3-662-49674-9\_13},
  @pages={225--243},
  year={2016}
}

@inproceedings{dahlqvist2019probabilistic,
  title={A Probabilistic Approach to Floating-Point Arithmetic (Non-Peer-Reviewed Extended Abstract)},
  author={Dahlqvist, Fredrik and Salvia, Rocco and Constantinides, George A},
  @booktitle={Asilomar Conference on Signals, Systems, and Computers (ASILOMAR).},
  booktitle={ASILOMAR},
  @doi={10.1109/IEEECONF44664.2019.9048893},
  @pages={596--602},
  year={2019}
}

@phdthesis{bornholt2013abstractions,
  title={Abstractions and Techniques for Programming with Uncertain Data},
  author={Bornholt, James},
  year={2013},
  type={Undergraduate Honours Thesis},
  school={Australian National University.}
}

@article{valiant1984theory,
  title={A theory of the learnable},
  author={Valiant, Leslie G},
  journal={Communications of the ACM},
  volume={27},
  number={11},
  pages={1134--1142},
  year={1984},
  publisher={ACM New York, NY, USA}
}

@inproceedings{precimonius,
	author = {Rubio-Gonz\'{a}lez, Cindy and Nguyen, Cuong and Nguyen, Hong Diep and Demmel, James and Kahan, William and Sen, Koushik and Bailey, David H. and Iancu, Costin and Hough, David},
	title = {Precimonious: Tuning Assistant for Floating-Point Precision},
	year = {2013},
	publisher = {Association for Computing Machinery},
	address = {New York, NY, USA},
	url = {https://doi.org/10.1145/2503210.2503296},
	doi = {10.1145/2503210.2503296},
	booktitle = {Proceedings of the International Conference on High Performance Computing, Networking, Storage and Analysis},
	location = {Denver, Colorado},
	series = {SC '13}
}

@inproceedings{craft,
	author = {Lam, Michael O. and Hollingsworth, Jeffrey K. and de Supinski, Bronis R. and Legendre, Matthew P.},
	title = {Automatically Adapting Programs for Mixed-Precision Floating-Point Computation},
	year = {2013},
	publisher = {Association for Computing Machinery},
	address = {New York, NY, USA},
	url = {https://doi.org/10.1145/2464996.2465018},
	doi = {10.1145/2464996.2465018},
	booktitle = {Proceedings of the 27th International ACM Conference on International Conference on Supercomputing},
	pages = {369–378},
	numpages = {10},
	location = {Eugene, Oregon, USA},
	series = {ICS '13}
}

@inproceedings{fptuner,
	author = {Chiang, Wei-Fan and Baranowski, Mark and Briggs, Ian and Solovyev, Alexey and Gopalakrishnan, Ganesh and Rakamari\'{c}, Zvonimir},
	title = {Rigorous Floating-Point Mixed-Precision Tuning},
	year = {2017},
	@booktitle = {Symposium on Principles of Programming Languages (POPL).},
	booktitle = {POPL},
	@pages = {300-315},
	numpages = {16},
	keywords = {Rigorous compilation, Energy-efficient computing, Precision allocation, Program optimization, Floating-point arithmetic},
	@doi={10.1145/3093333.3009846},
	location = {Paris, France}
}



@inproceedings{promise,
	TITLE = {{PROMISE: floating-point precision tuning with stochastic arithmetic}},
	AUTHOR = {Graillat, Stef and J{\'e}z{\'e}quel, Fabienne and Picot, Romain and F{\'e}votte, Fran{\c c}ois and Lathuili{\`e}re, Bruno},
	URL = {https://hal.sorbonne-universite.fr/hal-01355005},
	BOOKTITLE = {{17th international symposium on Scientific Computing, Computer Arithmetic and Verified Numerics (SCAN 2016)}},
	ADDRESS = {UPPSALA, Sweden},
	PAGES = {98-99},
	YEAR = {2016},
	MONTH = Sep,
	KEYWORDS = {auto-tuning ;  Discrete Stochastic Arithmetic ;  floating-point arithmetic ;  mixed precision ;  numerical validation ;  round-off errors},
	HAL_ID = {hal-01355005},
	HAL_VERSION = {v1},
}

@inproceedings{bornholt2014uncertain,
	title={{Uncertain\textless T\textgreater: a first-order type for uncertain data}},
	author={Bornholt, James and Mytkowicz, Todd and McKinley, Kathryn S},
	@booktitle={International Conference on Architectural Support for Programming Languages and Operating Systems (ASPLOS).},
	booktitle={ASPLOS},
	@pages={51--66},
	@doi={10.1145/2654822.2541958},
	year={2014}
}

@techreport{ferson2015constructing,
  title={{Constructing probability boxes and Dempster-Shafer structures}},
  author={Ferson, Scott and Kreinovich, Vladik and Grinzburg, Lev and Myers, Davis and Sentz, Kari},
  year={2015},
  @doi={10.2172/809606},
  institution={Sandia National Lab}
}

@article{saheb1980cpo,
  title={CPO's of measures for nondeterminism},
  author={Saheb-Djahromi, Nasser},
  journal={Theoretical Computer Science},
  volume={12},
  number={1},
  pages={19--37},
  year={1980},
  publisher={Elsevier}
}

@article{bouissou2012generalization,
	author = {Bouissou, Olivier and Goubault, Eric and Goubault-Larrecq, Jean and Putot, Sylvie},
	title = {A Generalization of P-Boxes to Affine Arithmetic},
	year = {2012},
	issue_date = {March 2012},
	publisher = {Springer-Verlag},
	address = {Berlin, Heidelberg},
	@issn = {0010-485X},
	@doi = {10.1007/s00607-011-0182-8},
	journal = {In: Computing},
	@pages = {189\-201}
}

@article{rothschild1970increasing,
  title={Increasing risk: I. A definition},
  author={Rothschild, Michael and Stiglitz, Joseph E},
  journal={In: Journal of Economic theory},
  @volume={2},
  @number={3},
  @pages={225--243},
  year={1970},
  publisher={Academic Press}
}

@article{statool,
	author = {Daniel Berleant and Lizhi Xie and Jianzhong Zhang},
	title = {Statool: A Tool for Distribution Envelope Determination (DEnv), an Interval-Based Algorithm for Arithmetic on Random Variables},
	journal = {Reliable Computing},
	year = {2003},
	volume = {9},
	pages = {91--108}
}

@inproceedings{satire,
	title={Scalable yet rigorous floating-point error analysis}, 
	author = {Das, Arnab and Briggs, Ian and Gopalakrishnan, Ganesh and Krishnamoorthy, Sriram and Panchekha, Pavel},
	year={2020},
	@booktitle = {International Conference for High Performance Computing, Networking, Storage and Analysis (SC).},
	booktitle = {SC},
	@pages={1-14},
	@doi={10.1109/SC41405.2020.00055}
}

@book{riskcalc,
	title={RAMAS Risk Calc 4.0 software: risk assessment with uncertain numbers},
    author={Ferson, Scott},
    year={2002},
    publisher={CRC press}
}

@book{guide2006infinite,
  title={{Infinite Dimensional Analysis,  A Hitchhiker’s Guide}},
  author={Charalambos D. Aliprantis and Kim C. Border},
  year={2006},
  publisher={Springer}
}

@book{landau2014guide,
  title={A guide to Monte Carlo simulations in statistical physics},
  author={Landau, David P and Binder, Kurt},
  year={2014},
  publisher={Cambridge University Press}
}

@article{affinerange,
	author = {Figueiredo, Luiz and Stolfi, Jorge},
	year = {2003},
	month = {01},
	pages = {},
	title = {Affine Arithmetic: Concepts and Applications}
}

@article{rigorousaffine,
	title={Extentions of affine arithmetic: Application to unconstrained global optimization},
	author={Messine, Fr{\'e}d{\'e}ric},
	journal={J. UCS},
	volume={8},
	number={11},
	pages={992--1015},
	year={2002}
}

@MISC{affineoriginal,
	author = {Joao Luiz Dihl Comba and Jorge Stolfi},
	title = {Affine Arithmetic and its Applications to Computer Graphics},
	year = {1993}
}

@MISC{affinebook,
	author = {Jorge Stolfi and Luiz Henrique De Figueiredo},
	title = {Self-Validated Numerical Methods and Applications},
	year = {1997}
}

@misc{gelpia,
	key = {Gelpia},
	title = {Gelpia},
	@title_bkp = {Gelpia: A Global Optimizer for Real Functions},
	url = {https://github.com/soarlab/gelpia},
	@year = {2017}
}

@book{intervalarithmetic,
	title={Interval Analysis},
	author={R. E. Moore.},
	year={1966},
	publisher={Prentice-Hall}
}


@book{glasserman2013monte,
  title={Monte Carlo methods in financial engineering},
  author={Glasserman, Paul},
  year={2013},
  publisher={Springer}
}

@inproceedings{kajiya1986rendering,
  title={The rendering equation},
  author={Kajiya, James T},
  @booktitle={International Conference on Computer Graphics and Interactive Techniques (SIGGRAPH)},
  booktitle={SIGGRAPH},
  @pages={143--150},
  year={1986}
}

@article{press1990recursive,
  title={Recursive stratified sampling for multidimensional Monte Carlo integration},
  author={Press, William H and Farrar, Glennys R},
  journal={In: Computers in Physics},
  @volume={4},
  @number={2},
  @pages={190--195},
  year={1990},
  publisher={American Institute of Physics}
}

@book{press1988numerical,
  title={Numerical recipes in C},
  author={Press, William H and Teukolsky, Saul A and Vetterling, William T and Flannery, Brian P},
  year={1988},
  publisher={Cambridge University Press}
}

@techreport{lepage1980vegas,
  title={VEGAS-An adaptive multi-dimensional integration program},
  @number ={Cornell Preprint CLNS 80-447},
  author={Lepage, G Peter},
  @institution={},
  year={1980}
}

@incollection{giry1982categorical,
  title={A categorical approach to probability theory},
  author={Giry, Michele},
  booktitle={Categorical aspects of topology and analysis},
  pages={68--85},
  year={1982},
  publisher={Springer}
}

@incollection{mosteller2006some,
  title={On some useful inefficient statistics},
  author={Mosteller, Frederick},
  booktitle={Selected Papers of Frederick Mosteller},
  pages={69--100},
  year={2006},
  publisher={Springer}
}

@book{halmos2013measure,
  title={Measure theory},
  author={Halmos, Paul R},
  volume={18},
  year={2013},
  publisher={Springer}
}

@book{dudley2002real,
  title={Real Analysis and Probability},
  author={Dudley, Richard M.},
  series={Cambridge Studies in Advanced Mathematics},
  year={2002},
  publisher={Cambridge University Press}
}


@misc{kahan1996improbability,
  title={The improbability of probabilistic error analyses for numerical computations},
  author={Kahan, William},
  booktitle={UCB Statistics Colloquium},
  year={1996}
}

@book{constantinides2004synthesis,
author = {Constantinides, George A. and Cheung, Peter Y. K. and Luk, Wayne},
title = {Synthesis And Optimization Of DSP Algorithms},
year = {2004},
isbn = {1402079303},
publisher = {Kluwer Academic Publishers},
address = {USA}
}

@inproceedings{dReal,
	author = {Gao, Sicun and Kong, Soonho and Clarke, Edmund M.},
	title = {DReal: An SMT Solver for Nonlinear Theories over the Reals},
	year = {2013},
	booktitle = {CADE},
	@booktitle = {International Conference on Automated Deduction (CADE).},
	@pages = {208-214},
	@doi={10.1007/978-3-642-38574-2\_14}
}

@inproceedings{Z3,
	author = {De Moura, Leonardo and Bj\o{}rner, Nikolaj},
	title = {Z3: An Efficient SMT Solver},
	year = {2008},
	@booktitle = {International Conference on Tools and Algorithms for the Construction and Analysis of Systems (TACAS).},
	booktitle = {TACAS},
	@doi={10.1007/978-3-540-78800-3\_24},
	@pages = {337-340}
}

@misc{fpbench-web,
	key = {fpbench},
	title = {{FPBench:} Standards and Benchmarks for Floating-Point Research},
	howpublished = {\url{https://fpbench.org}}
}

@inproceedings{fpbench,
  title={Toward a standard benchmark format and suite for floating-point analysis},
  author={Damouche, Nasrine and Martel, Matthieu and Panchekha, Pavel and Qiu, Chen and Sanchez-Stern, Alexander and Tatlock, Zachary},
  @booktitle={International Workshop on Numerical Software Verification (NSV)},
  booktitle={NSV},
  @pages={63--77},
  @doi={10.1007/978-3-319-54292-8\_6},
  year={2016}
}

@misc{gmpy2,
  key = {gmpy},
  title = {{GMPY2:} General Multi-Precision Arithmetic for {P}ython},
  howpublished = {\url{https://github.com/aleaxit/gmpy}},
}

@misc{numpy,
  key = {numpy},
  title = {{NumPy:} The fundamental package for scientific computing with {Python}},
  howpublished = {\url{https://numpy.org}},
}

@article{battles2004extension,
  title={An extension of MATLAB to continuous functions and operators},
  author={Battles, Zachary and Trefethen, Lloyd N},
  journal={SIAM Journal on Scientific Computing},
  volume={25},
  number={5},
  pages={1743--1770},
  year={2004},
  address = {USA},
  publisher={SIAM}
}

@inproceedings{probdaisy,
	title={Sound Probabilistic Numerical Error Analysis},
	author={Lohar, Debasmita and Prokop, Milos and Darulova, Eva},
	@booktitle={International Conference on integrated Formal Methods (IFM).},
	booktitle={IFM},
	@pages={322--340},
	year={2019},
	@organization={Springer}
}


@article{korzen2014pacal,
  title={{PaCAL}: A {Python} package for arithmetic computations with random variables},
  author={Jaroszewicz, Szymon and Korze{\'n}, Marcin},
  journal={Journal of Statistical Software},
  volume={57},
  number={10},
  pages={5},
  year={2014}
}

@article{jaroszewicz2012arithmetic,
  title={Arithmetic operations on independent random variables: A numerical approach},
  author={Jaroszewicz, Szymon and Korze{\'n}, Marcin},
  journal={SIAM Journal on Scientific Computing},
  volume={34},
  number={3},
  pages={A1241--A1265},
  year={2012},
  publisher={SIAM}
}

@article{magron2017certified,
  title={Certified roundoff error bounds using semidefinite programming},
  author={Magron, Victor and Constantinides, George and Donaldson, Alastair},
  journal={In: TOMS},
  @journal={ACM Transactions on Mathematical Software (TOMS).},
  @volume={43},
  @address = {New York, NY, USA},
  @number={4},
  @pages={34},
  year={2017},
  publisher={ACM}
}


@inproceedings{pldi16-bit-level-fp-verification,
  author =	 {Lee, Wonyeol and Sharma, Rahul and Aiken, Alex},
  title =	 {Verifying Bit-Manipulations of Floating-Point},
  @booktitle = {International Conference on Programming Language Design and Implementation (PLDI).},
  booktitle = {PLDI},
  @pages = {70--84},
  @publisher = {ACM},
  @address = {New York, NY, USA},
  year = {2016}
}



@book{higham2002accuracy,
  title={Accuracy and stability of numerical algorithms},
  author={Higham, Nicholas J},
  year={2002},
  @doi={10.5555/579525},
  publisher={SIAM}
}

@article{higham2019new,
  title={A new approach to probabilistic rounding error analysis},
  author={Higham, Nicholas J and Mary, Theo},
  journal={In: SISC},
  @doi={10.1137/18M1226312},
  @pages={A2815-A2835},
  year={2019},
  publisher={SIAM}
}

@book{springer1979algebra,
  title={The algebra of random variables},
  author={Springer, Melvin D.},
  @isbn={9780471014065},
  @lccn={78009315},
  @series={Probability and Statistics Series},
  year={1979},
  publisher={Wiley}
}


@article{von1947numerical,
  title={Numerical inverting of matrices of high order},
  author={Von Neumann, John and Goldstine, Herman H},
  journal={In: Bulletin of the American Mathematical Society},
  @publisher = {American Mathematical Society},
  @volume={53},
  @number={11},
  @pages={1021--1099},
  year={1947}
}

@article{dahlqvist2019semantics,
  title={Semantics of higher-order probabilistic programs with conditioning},
  author={Dahlqvist, Fredrik and Kozen, Dexter},
  journal={In: POPL},
  @pages={1-29},
  @doi={10.1145/3371125},
  year={2019}
}

@article{K81c,
  author={Dexter Kozen},
  title={Semantics of Probabilistic Programs},
  journal={In: JCSS},
  @volume={22},
  @number={3},
  @pages={328--350},
  @month={June},
  year={1981}
} 

@article{ipsen2019probabilistic,
	title={Probabilistic Error Analysis for Inner Products}, 
	author={Ilse C. F. Ipsen and Hua Zhou},
	year={2019},
	journal={In: SIMAX},
	@eprint={1906.10465},
	@archivePrefix={arXiv},
	@primaryClass={math.NA}
}

@Misc{ieee754,
title = {{IEEE Standard for Floating-Point Arithmetic.}},
key = {IEEE Std 754-2019},
author = {{Microprocessor Standards Committee of the IEEE Computer Society}},
@month = {June},
year = {2019}
}

@inproceedings{darulova2018daisy,
  title={Daisy-framework for analysis and optimization of numerical programs (tool paper)},
  author={Darulova, Eva and Izycheva, Anastasiia and Nasir, Fariha and Ritter, Fabian and Becker, Heiko and Bastian, Robert},
  @booktitle={International Conference on Tools and Algorithms for the Construction and Analysis of Systems (TACAS).},
  booktitle={TACAS},
  @doi={10.1007/978-3-319-89960-2\_15},
  @pages={270--287},
  year={2018}
}

@article{solovyev2018rigorous,
  title={Rigorous estimation of floating-point round-off errors with symbolic taylor expansions},
  author={Solovyev, Alexey and Baranowski, Marek S and Briggs, Ian and Jacobsen, Charles and Rakamari{\'c}, Zvonimir and Gopalakrishnan, Ganesh},
  @journal={Transactions on Programming Languages and Systems (TOPLAS).},
  journal={In: TOPLAS},
  @volume={41},
  @number={1},
  @pages={20},
  year={2018},
  publisher={ACM}
}

@inproceedings{2015_fm_sjrg,
  title = {Rigorous Estimation of Floating-Point Round-off Errors with Symbolic Taylor Expansions},
  author = {Alexey Solovyev and Charles Jacobsen and Zvonimir Rakamari\'c and Ganesh Gopalakrishnan},
  @booktitle = {International Symposium on Formal Methods (FM).},
  booktitle = {FM},
  @series = {Lecture Notes in Computer Science},
  @volume = {9109},
  @publisher = {Springer},
  @editor = {Nikolaj Bj{\o}rner and Frank de Boer},
  @pages = {532--550},
  year = {2015}
}

@article{parker2000monte,
  title={Monte {C}arlo arithmetic: how to gamble with floating point and win},
  author={Parker, D Stott and Pierce, Brad and Eggert, Paul R},
  journal={In: Computing in Science \& Engineering},
  @volume={2},
  @number={4},
  @pages={58--68},
  year={2000},
  publisher={IEEE Computer Society}
}

@article{gappa,
 author = {Daumas, Marc and Melquiond, Guillaume},
 title = {Certification of Bounds on Expressions Involving Rounded Operators},
 journal = {In: ACM Transactions on Mathematical Software},
 year = {2010},
 issn = {0098-3500},
 @pages = {1-20},
 articleno = {2},
 @doi = {10.1145/1644001.1644003},
 publisher = {ACM},
 address = {New York, NY, USA},
}

@inproceedings{gappapp,
 author = {Linderman, Michael D. and Ho, Matthew and Dill, David L. and Meng, Teresa H. and Nolan, Garry P.},
 title = {Towards Program Optimization Through Automated Analysis of Numerical Precision},
 @booktitle = {International Symposium on Code Generation and Optimization (CGO).},
 booktitle = {CGO},
 year = {2010},
 @isbn = {978-1-60558-635-9},
 optlocation = {Toronto, Ontario, Canada},
 @pages = {230--237},
 @numpages = {8},
 @acmid = {1772987},
 @optaddress = {New York, NY, USA}
} 

@inproceedings{smartfloat,
 author = {Darulova, Eva and Kuncak, Viktor},
 title = {Trustworthy Numerical Computation in Scala},
 @booktitle = {International Conference on Object Oriented Programming Systems Languages and Applications (OOPSLA).},
 booktitle = {\\OOPSLA},
 year = {2011},
 @doi = {10.1145/2076021.2048094},
 @pages = {325--344}
} 

@incollection{fluctuat,
  year={2009},
  @booktitle={International Workshop on Formal Methods for Industrial Critical Systems (FMICS).},
  booktitle={FMICS},
  opteditor={Alpuente, Mar{\'i}­a and Cook, Byron and Joubert, Christophe},
  title={{Towards an Industrial Use of {FLUCTUAT} on Safety-Critical Avionics Software}},
  author={Delmas, David and Goubault, Eric and Putot, Sylvie and Souyris, Jean and Tekkal, Karim and V{\'e}drine, Franck},
  @doi={10.1007/978-3-642-04570-7\_6},
  @pages={53-69},
  language={English}
}

@inproceedings{rangelab,
 author = {Martel, Matthieu},
 title = {RangeLab: A Static-Analyzer to Bound the Accuracy of Finite-Precision Computations},
 @booktitle = {International Symposium on Symbolic and Numeric Algorithms for Scientific Computing (SYNASC).},
 booktitle = {SYNASC},
 year = {2011},
 @isbn = {978-0-7695-4630-8},
 @pages = {118--122},
 @numpages = {5},
 @publisher = {IEEE Computer Society},
 @optaddress = {Washington, DC, USA},
}

@inproceedings{precisa,
author={Titolo, Laura and Feli{\'u}, Marco A. and Moscato, Mariano and Mu{\~{n}}oz, C{\'e}sar A.},
@editor={Dillig, Isil and Palsberg, Jens},
title={An Abstract Interpretation Framework for the Round-Off Error Analysis of Floating-Point Programs},
@booktitle={International Conference on Verification, Model Checking, and Abstract Interpretation (VMCAI).},
booktitle={VMCAI},
year={2018},
@publisher={Springer},
@address={Cham},
@pages={516--537}
}

@inproceedings{rosa,
 author = {Darulova, Eva and Kuncak, Viktor},
 title = {Sound Compilation of Reals},
 @booktitle = {Symposium on Principles of Programming Languages (POPL).},
 booktitle = {POPL},
 year = {2014},
 @doi={10.1145/2578855.2535874},
 @pages = {235--248}
}

@inproceedings{zhendong2015,
author = {Fu, Zhoulai and Bai, Zhaojun and Su, Zhendong},
title = {Automated Backward Error Analysis for Numerical Code},
year = {2015},
booktitle = {OOPSLA},
@booktitle = {International Conference on Object-Oriented Programming, Systems, Languages, and Applications (OOPSLA).},
@pages = {639--654},
@doi={10.1145/2814270.2814317}
}

