@misc{CFR2015,
  author    = {{Code of Federal Regulations}},
  title     = {{Automatic Dependent Surveillance-Broadcast (ADS-B) Out}, 91 C.F.R., Section 225},
  year      = {2015}
}


@misc{EC2017,
  author    = {{European Commission}},
  title     = {{C}ommission {I}mplementing {R}egulation ({EU}) 2017/386 of 6 March 2017 amending {I}mplementing {R}egulation ({EU}) {N}o 1207/2011, {C}/2017/1426},
  year      = {2017}
}

@inproceedings{do-260b,
  author    = {{RTCA SC-186}},
  title     = {{M}inimum {O}perational {P}erformance {S}tandards for
  1090 {MH}z extended squitter {A}utomatic {D}ependent {S}urveillance -
  {B}roadcast ({ADS-B}) and {T}raffic {I}nformation {S}ervices - {B}roadcast
  ({TIS-B})},
  year      = {2009}
}

@inproceedings{AyadM10,
  author    = {Ayad, A. and
               March{\'{e}}, C.},
  title     = {Multi-Prover Verification of Floating-Point Programs},
  booktitle = {Proceedings of {IJCAR} 2010},
  pages     = {127--141},
  year      = {2010},
  series    = {Lecture Notes in Computer Science},
  volume    = {6173},
  publisher = {Springer}
}


@article{BagnaraHRZ05,
   author =  {Bagnara, R. and Hill, P. M. and Ricci, E. and Zaffanella, E.},
   title =   {{Precise Widening Operators for Convex Polyhedra}},
   journal = {Science of Computer Programming},
   year =    {2005},
   volume =  {58},
   number =  {1-2},
   pages =   {28--56}
}


@article{BaranowskiBCGRS17,
  author =  {Baranowski, M. and
      Briggs, I. and
      Chiang, W. and
      Gopalakrishnan, G. and
      Rakamaric, Z. and
      Solovyev, A.
   },
   title = {{Moving the Needle on Rigorous Floting-point Precision Tuning}},
   journal = {6th Workshop on Automated Formal Methods (AFM 2017)},
   year = {2017}
}

@inproceedings{BarrettT07,
  author    = {Barrett, C. and
               Tinelli. C.},
  title     = {{CVC3}},
  booktitle = {Proceedings of the 19th International Conference on Computer Aided Verification, {CAV}
               2007},
  pages     = {298--302},
  year      = {2007}
}

@inproceedings{Barrett11,
 author = {Barrett, C. and
           Conway, C. L. and
           Deters, M. and
           Hadarean, L. and
           Jovanovi\'{c}, D. and
           King, T. and
           Reynolds, A. and
           Tinelli, C.},
 title = {{CVC4}},
 booktitle = {Proceedings of the 23rd International Conference on Computer Aided Verification (CAV)},
 year = {2011},
 pages={171--177},
 publisher = {Springer}
} 

@article{BaudinCFMMMP16,
  author = {Baudin, P. and
            Cuoq, P. and
            Filli{\^{a}}tre, J. C. and
            March{\'{e}}, C. and
            Monate, B. and
            Moy, Y. and
            Prevosto, V.},
  title = {{ACSL: ANSI/ISO C Specification Language, version 1.12}},
  year = {2016}
}


@article{BertraneCCFMMR15,
  author    = {Bertrane, J. and
                Cousot, P. and
                Cousot, R. and
                Feret, J. and
                Mauborgne, L. and
                Min{\'{e}}, A. and
                Rival, X.},
  title     = {{Static Analysis and Verification of Aerospace Software by Abstract
                 Interpretation}},
  journal   = {Foundations and Trends in Programming Languages},
  volume    = {2},
  number    = {2-3},
  pages     = {71--190},
  year      = {2015}
}

@book{BertotC04,
  author    = {Bertot, Y. and
               Cast{\'{e}}ran, P.},
  title     = {Interactive Theorem Proving and Program Development - Coq'Art: The
               Calculus of Inductive Constructions},
  series    = {Texts in Theoretical Computer Science. An {EATCS} Series},
  publisher = {Springer},
  year      = {2004}
}

@article{BobotFMP15,
  author    = {Bobot, F. and
               Filli{\^{a}}tre, J. C. and
               March{\'{e}}, C. and
               Paskevich, A.},
  title     = {Let's verify this with {Why3}},
  journal   = {{International Journal on Software Tools for Technology Transfer}},
  volume    = {17},
  number    = {6},
  pages     = {709--727},
  year      = {2015}
}

@inproceedings{BoldoF07,
  author    = {Boldo, S. and
               Filli{\^{a}}tre, J. C.},
  title     = {Formal Verification of Floating-Point Programs},
  booktitle = {Proceedings of ARITH18 2007},
  pages     = {187--194},
  year      = {2007},
  publisher = {{IEEE} Computer Society}
}

@inproceedings{BoldoM10a,
  author    = {Boldo, S. and
               Melquiond, G.},
  title     = {Flocq: {A} Unified Library for Proving Floating-Point Algorithms in
               Coq},
  booktitle = {20th {IEEE} Symposium on Computer Arithmetic, {ARITH} 2011},
  pages     = {243--252},
  year      = {2011},
  publisher = {{IEEE} Computer Society}
}

@techreport{BoldoMunoz06,
  author      = {Boldo, S. and
                 Mu{\~{n}}oz, C.},
  title       = {A High-Level Formalization of Floating-Point Numbers in {PVS}},
  number      = {CR-2006-214298},
  institution = {NASA},
  year        = {2006}
}


@article{BoldoM11,
  author    = {Boldo, S. and
               March{\'{e}}, C.},
  title     = {Formal Verification of Numerical Programs: From {C} Annotated Programs
               to Mechanical Proofs},
  journal   = {Mathematics in Computer Science},
  volume    = {5},
  number    = {4},
  pages     = {377--393},
  year      = {2011}
}

@inproceedings{BoldoJLM13,
  author    = {Boldo, S. and
               Jourdan, J. and
               Leroy, X. and
               Melquiond, G.},
  title     = {A Formally-Verified {C} Compiler Supporting Floating-Point Arithmetic},
  booktitle = {21st {IEEE} Symposium on Computer Arithmetic, {ARITH} 2013},
  pages     = {107--115},
  year      = {2013},
  publisher = {{IEEE} Computer Society}
}

@article{BoldoJLM15,
  author    = {Boldo, S. and
               Jourdan, J. and
               Leroy, X. and
               Melquiond, G.},
  title     = {Verified Compilation of Floating-Point Computations},
  journal   = {Journal of Automated Reasoning},
  volume    = {54},
  number    = {2},
  pages     = {135--163},
  year      = {2015}
}

@article{BoldoCFMMW13,
  author    = {Boldo, S. and
               Cl{\'{e}}ment, F. and
               Filli{\^{a}}tre, J. C. and
               Mayero, M. and
               Melquiond, G. and
               Weis, P.},
  title     = {Wave Equation Numerical Resolution: {A} Comprehensive Mechanized Proof
               of a {C} Program},
  journal   = {Journal of Automatic Reasoning},
  volume    = {50},
  number    = {4},
  pages     = {423--456},
  year      = {2013}
}

@inproceedings{BrilloutKW09,
  author    = {Brillout, A. and
               Kroening, D. and
               Wahl, T.},
  title     = {Mixed abstractions for floating-point arithmetic},
  booktitle = {Proceedings of the 9th International Conference on Formal Methods in Computer-Aided
               Design ({FMCAD})},
  publisher = {IEEE},
  pages= {69--76},
  year      = {2009}
}

@inproceedings{BouissouCCCFGGLMMPRT09,
  author    = { Bouissou, O. and
                Conquet, E. and
                Cousot, P. and
                Cousot, R. and
                Feret, J. and
                Goubault, E. and
                Ghorbal, K. and
                Lesens, D. and
                Mauborgne, L. and
                Min{\'{e}}, A. and
                Putot, S. and
                Rival, X. and
                Turin, M.
               },
  title     = {{Space Software Validation using Abstract Interpretation}},
  booktitle = {Proceedings of the International Space System Engineering Conference, Data Systems in Aerospace, DASIA 2009},
  pages     = {1--7},
  year      = {2009},
  publisher = {ESA publications}
}

@inproceedings{CaspiPHP87,
	Author = {Caspi, P. and Pilaud, D. and Halbwachs, N. and Plaice, J. A.},
	Title = {LUSTRE: a declarative language for real-time programming},
	Booktitle = {Conference Record of the 14th {ACM} Symposium on Principles
               of Programming Languages, POPL 1987},
	Pages = {178--188},
	Publisher = {ACM},
	Year = {1987}
  }

@inproceedings{CimattiGSS13,
  author    = {Cimatti, Alessandro and Griggio, Alberto and Schaafsma, Bastiaan Joost and Sebastiani, Roberto},
  title     = {The {MathSAT5} {SMT} Solver},
  booktitle = {Proceedings of the 19th International Conference on Tools and Algorithms for the Construction and Analysis of Systems
               ({TACAS})},
  year      = {2013},
  pages = {95-109},
  publisher = {Springer}
}

@article{CimattiGIRS18,
  author    = { Cimatti, A. and
                Griggio, A. and
                Irfan, A. and
                Roveri, M. and
                Sebastiani, R.},
  title     = {Incremental Linearization for Satisfiability and Verification Modulo
               Nonlinear Arithmetic and Transcendental Functions},
  journal   = {{ACM} Transaction on Computational Logic},
  volume    = {19},
  number    = {3},
  pages     = {19:1--19:52},
  year      = {2018}
}

@inproceedings{ChenMC08,
  author    = {Chen, L. and
               Min{\'{e}}, A. and
               Cousot, P.},
  title     = {A Sound Floating-Point Polyhedra Abstract Domain},
  booktitle = {Proceedings of the 6th Asian Symposium on Programming Languages and Systems, {APLAS} 2008},
  pages     = {3--18},
  year      = {2008},
  series    = {Lecture Notes in Computer Science},
  volume    = {5356},
  publisher = {Springer}
}


@inproceedings{ChiangBBSGR17,
  author = {Chiang, W. and
            Baranowski, M. and
            Briggs, I. and
            Solovyev, A. and
            Gopalakrishnan, G. and
            Rakamari\'c, Z.},
  title = {Rigorous Floating-Point Mixed-Precision Tuning},
  booktitle = {Proceedings of the 44th {ACM} {SIGPLAN} Symposium on Principles of
               Programming Languages, POPL 2017},
  publisher = {ACM},
  year = {2017},
  pages = {300--315}
}


@article{ConchonCKL08,
  Author = {Conchon, S. and Contejean, E. and Kanig, J. and Lescuyer, S.},
  Title = {{CC(X): Semantic Combination of Congruence Closure with Solvable Theories}},
  Journal = {Electronic Notes in Theoretical Computer Science},
  Number = {2},
  Pages = {51 - 69},
  Volume = {198},
  Year = {2008}
}

@inproceedings{CousotC77,
  title     = {Abstract Interpretation: A Unified Lattice Model for Static Analysis
               of Programs by Construction or Approximation of Fixpoints},
  author    = {Cousot, P. and Cousot, R.},
  booktitle = {Proceedings of the 4th ACM SIGPLAN-SIGACT Symposium on Principles of Programming Languages (POPL)},
  publisher = {{ACM}},
  Pages = {238--252},
  year      = {1977}
 }


@inproceedings{CousotH78,
  title = {{Automatic Discovery of Linear Restraints Among Variables of a Program}},
  author = {Cousot, P. and Halbwachs, N.},
  booktitle = {Conference Record of the 5th {ACM} Symposium on Principles
               of Programming Languages, POPL 1978},
  pages = {84--96},
  publisher = {{ACM}},
  year = {1978}}


@inproceedings{CousotCFMMMR05,
  author    = {Cousot, P. and
               Cousot, R. and
               Feret, J. and
               Mauborgne, L. and
               Min{\'{e}}, A. and
               Monniaux, D. and
               Rival}, 
  title     = {{The ASTRE{\'{E}} Analyzer}},
  booktitle = {Proceedings of the 14th European Symposium on Programming (ESOP 2005)},
  pages     = {21--30},
  year      = {2005},
  series    = {Lecture Notes in Computer Science},
  volume    = {3444},
  publisher = {Springer},
}

@inproceedings{DarulovaINRBB18,
  author    = {Darulova, E. and
                Izycheva, A. and
                Nasir, F. and
                Ritter, F. and
                Becker, H. and
                Bastian, R.},
  title     ={ {Daisy - Framework for Analysis and Optimization of Numerical Programs
               (Tool Paper)}},
  booktitle = {24th International Conference on Tools and Algorithms for the Construction and Analysis of Systems
                ({TACAS} 2018)},
  pages     = {270--287},
  series    = {Lecture Notes in Computer Science},
  volume    = {10805},
  publisher = {Springer},
  year      = {2018},
}

@article{DamoucheMC17a,
  author    = {Damouche, N. and
               Martel, M. and
               Chapoutot, A.},
  title     = {Improving the numerical accuracy of programs by automatic transformation},
  journal   = {{International Journal on Software Tools for Technology Transfer}},
  volume    = {19},
  number    = {4},
  pages     = {427--448},
  publisher = {Springer},
  year      = {2017}
}

@inproceedings{DamoucheMC17b,
  author    = {Damouche, N. and
               Martel, M. and
               Chapoutot, A.},
  title     = {Numerical Accuracy Improvement by Interprocedural Program Transformation},
  booktitle = {Proceedings of the 20th International Workshop on Software and Compilers
               for Embedded Systems, {SCOPES} 2017},
  publisher = {{ACM}},
  pages     = {1--10},
  year      = {2017}
}

@article{DamoucheMC17c,
  author    = {Damouche, N. and
               Martel, M.},
  title     = {{Salsa: An Automatic Tool to Improve the Numerical Accuracy of Programs}},
  journal   = {6th Workshop on Automated Formal Methods, {AFM 2017}},
  year      = {2017}
}

@inproceedings{DamoucheMPQST16,
  author    = { Damouche, N. and
                Martel, M. and
                Panchekha, P. and
                Qiu, C. and
                Sanchez{-}Stern, A. and
                Tatlock, Z.},
  title     = {Toward a Standard Benchmark Format and Suite for Floating-Point Analysis},
  booktitle = {Proceedings of the 9th International Workshop on Numerical Software Verification ({NSV})},
  year      = {2016},
  pages = {63--77},
  publisher = {Springer},
}

@inproceedings{DamoucheMC15,
  author    = {Damouche, N. and
               Martel, M. and
               Chapoutot, A.},
  title     = {Optimizing the accuracy of a rocket trajectory simulation by program
               transformation},
  booktitle = {Proceedings of the 12th {ACM} International Conference on Computing
               Frontiers (CF'15)},
  publisher = {{ACM}},
  pages     = {40:1--40:2},
  year      = {2015}
}

@inproceedings{DamoucheMC15b,
  author    = {Damouche, N. and
               Martel, M. and
               Chapoutot, A.},
  title     = {Intra-procedural Optimization of the Numerical Accuracy of Programs},
  booktitle = {Proceedings of the 20th International
               Workshop on Formal Methods for Industrial Critical Systems, {FMICS} 2015},
  pages     = {31--46},
  year      = {2015}
}

@inproceedings{Daumas2001,
  author = {Daumas, M.
            and Rideau, L.
            and Th{\'e}ry, L.},
  title = {{A Generic Library for Floating-Point Numbers and Its Application to Exact Computing}},
  booktitle = {Proceedings of the 14th International Conference on Theorem Proving in Higher Order Logics},
  year = {2001},
  publisher = {Springer Berlin Heidelberg},
  pages = {169--184}
}


@article{DaumasLM09,
  author    = {Daumas, M. and
               Lester, D. R. and
               Mu{\~{n}}oz, C.},
  title     = {Verified Real Number Calculations: {A} Library for Interval Arithmetic},
  journal   = {{IEEE} Trans. on Computers},
  volume    = {58},
  number    = {2},
  pages     = {226--237},
  year      = {2009}
}  

@inproceedings{DelmasS07,
  author    = {Delmas, D. and
               Souyris, J.},
  title     = {Astr{\'{e}}e: From Research to Industry},
  booktitle = {Proceedings of the 14th International Symposium on Static Analysis, {SAS} 2007},
  pages     = {437--451},
  year      = {2007}
}

@article{DinechinLM07,
  author    = {de Dinechin, F. and
               Lauter, C. Q. and
               Muller, J.},
  title     = {Fast and correctly rounded logarithms in double-precision},
  journal   = {{ITA}},
  volume    = {41},
  number    = {1},
  pages     = {85--102},
  year      = {2007}
}


@article{DinechinLM11,
  author    = {de Dinechin, F. and
               Lauter, C. and
               Melquiond, G.},
  title     = {Certifying the Floating-Point Implementation of an Elementary Function
               Using {G}appa},
  journal   = {{IEEE} Trans. on Computers},
  volume    = {60},
  number    = {2},
  pages     = {242--253},
  year      = {2011}
}

@inproceedings{DarulovaK14,
  author    = {Darulova, E. and
               Kuncak, V.},
  title     = {Sound compilation of reals},
  booktitle = {Proceedings of the 41st Annual {ACM} {SIGPLAN-SIGACT} Symposium on Principles of
               Programming Languages {(POPL)}},
  year      = {2014},
  pages = {235--248},
  publisher = {{ACM}}
}  

@article{DarulovaK17,
  author    = {Darulova, E. and
               Kuncak, V.},
  title     = {Towards a Compiler for Reals},
  journal   = {ACM Transactions on Programming Languages and Systems},
  volume    = {39},
  number    = {2},
  pages     = {8:1--8:28},
  year      = {2017},
  publisher = {{ACM}},
}


@inproceedings{DowekMC05,
  author = {Dowek, G. and
            Mu{\~{n}}oz, C. and
            Carre{\~{n}}o, V.},
  title = {Provably Safe Coordinated Strategy for Distributed Conflict Resolution},
  booktitle = {Proceedings of the AIAA Guidance Navigation, and Control Conference and Exhibit 2005, AIAA-2005-6047},
  year = {2005}
}

@article{DutleMTM17,
  author    = {Dutle, A. and
               Moscato, M. and
               Titolo, L. and
               Mu{\~{n}}oz, C. },
  title     = {A Formal Analysis of the Compact Position Reporting Algorithm},
  journal   = {9th Working Conference on Verified Software: Theories, Tools, and Experiments, VSTTE 2017, Revised Selected Papers},
  pages     = {19--34},
  year      = {2017},
  series    = {Lecture Notes in Computer Science},
  volume    = {10712},
  publisher = {Springer},
}


@article{FigueiredoS04,
  author    = {de Figueiredo, L. H. and
               Stolfi, J.},
  title     = {Affine Arithmetic: Concepts and Applications},
  journal   = {Numerical Algorithms},
  volume    = {37},
  number    = {1-4},
  pages     = {147--158},
  year      = {2004}
}

@inproceedings{FilliatreM04,
  author    = {Filli{\^{a}}tre, J. C. and
               March{\'{e}}, C.},
  title     = {Multi-prover Verification of {C} Programs},
  booktitle = {Proceedings of the 6th International Conference
               on Formal Engineering Methods, {ICFEM} 2004},
  pages     = {15--29},
  year      = {2004},
  series    = {Lecture Notes in Computer Science},
  volume    = {3308},
  publisher = {Springer}
}


@inproceedings{GaldinoMA07,        
  author = {Galdino, A. and Mu{\~{n}}oz, C. and Ayala, M.},        
  title = {Formal Verification of an Optimal Air Traffic Conflict Resolution and Recovery Algorithm},        
  booktitle = {Proceedings of WoLLIC 2007},
  volume = {4576},
  series = {Lecture Notes in Computer Science},
  publisher = {Springer},
  pages = {177--188},
  year = {2007}
}


@article{Goldberg91,
  author = {Goldberg, D.},
  title = {{What Every Computer Scientist Should Know About Floating-point Arithmetic}},
  journal = {{ACM} Comput. Surv.},
  volume = {23},
  number = {1},
  year = {1991},
  pages = {5--48},
  publisher = {ACM}
} 

@inproceedings{Goubault01,
  author    = {Goubault, E.},
  title     = {Static Analyses of the Precision of Floating-Point Operations},
  booktitle = {Proceedings of the 8th International Symposium on Static Analysis, {SAS} 2001},
  pages     = {234--259},
  year      = {2001},
  series    = {Lecture Notes in Computer Science},
  volume    = {2126},
  publisher = {Springer}
}

@inproceedings{GoubaultMP02,
  author    = {Goubault, E. and
               Martel, M. and
               Putot, S.},
  title     = {Asserting the Precision of Floating-Point Computations: {A} Simple Abstract Interpreter},
  booktitle = {Proceedings of the 11th European Symposium on Programming Languages and Systems,
               {ESOP} 2002},
  pages     = {209--212},
  year      = {2002},
  series    = {Lecture Notes in Computer Science},
  volume    = {2305},
  publisher = {Springer},
  year      = {2002}
}

@inproceedings{GoubaultP06,
  title     = {Static Analysis of Numerical Algorithms},
  author    = {Goubault, E. and Putot, S.},  
  booktitle = {Proceedings of {SAS} 2006},
  pages     = {18--34},
  year      = {2006},
  series    = {Lecture Notes in Computer Science},
  volume    = {4134},
  publisher = {Springer}
}

@article{GoubaultP08,
  author    = { Goubault, E. and
                Putot, S.},
  title     = {Perturbed affine arithmetic for invariant computation in numerical
               program analysis},
  journal   = {CoRR},
  volume    = {abs/0807.2961},
  year      = {2008}
}




@inproceedings{GoubaultP11,
  title     = {Static Analysis of Finite Precision Computations},
  author    = {Goubault, E. and Putot, S.},
  booktitle = {Proceedings of {VMCAI} 2011},
  pages     = {232--247},
  series    = {Lecture Notes in Computer Science},
  volume    = {6538},
  publisher = {Springer},
  year      = {2011}
}

@inproceedings{GoubaultP13,
  title     = {Robustness Analysis of Finite Precision Implementations},
  author    = {Goubault, E. and Putot, S.},
  booktitle = {Proceedings of
              {APLAS} 2013},
  pages     = {50--57},
  year      = {2013},
  series    = {Lecture Notes in Computer Science},
  volume    = {8301},
  publisher = {Springer}
}


@inproceedings{GhorbalGP09,
  author    = {Ghorbal, K. and
               Goubault, E. and
               Putot, S.},
  title     = {{The Zonotope Abstract Domain Taylor1+}},
  booktitle = {Proceedings of the 21st International Conference on Computer Aided Verification, {CAV} 2009},
  pages     = {627--633},
  series    = {Lecture Notes in Computer Science},
  year      = {2009},
  volume    = {5643},
  publisher = {Springer},
  year      = {2009}
}

@inproceedings{GhorbalGP10,
  author    = {Ghorbal, K. and
               Goubault, E. and
               Putot, S.},
  title     = {A Logical Product Approach to Zonotope Intersection},
  booktitle = {Proceedings of the 22nd International Conference on Computer Aided Verification, {CAV} 2010},
  pages     = {212--226},
  series    = {Lecture Notes in Computer Science},
  volume    = {6174},
  publisher = {Springer},
  year      = {2010}
}

@inproceedings{GoodloeMKC13,
  author    = {Goodloe, A. and
               Mu{\~{n}}oz, C. and
               Kirchner, F. and
               Correnson, L.},
  title     = {Verification of Numerical Programs: From Real Numbers to Floating
               Point Numbers},
  booktitle = {Proceedings of {NFM} 2013},
  pages     = {441--446},
  year      = {2013},
  series    = {Lecture Notes in Computer Science},
  volume    = {7871},
  publisher = {Springer}
}


@inproceedings{Harrison09,
  author    = {Harrison, J.},
  title     = {{HOL} Light: An Overview},
  booktitle = {Proceedings of
               TPHOLs 2009},
  pages     = {60--66},
  year      = {2009},
  series    = {Lecture Notes in Computer Science},
  volume    = {5674},
  publisher = {Springer}
}

@inproceedings{Harrison99,
 author = {Harrison, J.},
 title = {A Machine-Checked Theory of Floating Point Arithmetic},
 booktitle = {Proceedings of TPHOLs '99},
 year = {1999},
 isbn = {3-540-66463-7},
 pages = {113--130},
 numpages = {18},
 publisher = {Springer}
}

@inproceedings{IoualalenM13,
  author    = {Ioualalen, A. and
               Martel, M.},
  title     = {Synthesizing accurate floating-point formulas},
  booktitle = {24th International Conference on Application-Specific Systems, Architectures
               and Processors, {ASAP} 2013},
  pages     = {113--116},
  year      = {2013},
  publisher = {{IEEE} Computer Society},
}

@inproceedings{LeeserMRW14,
  author    = {Leeser, M. and
                Mukherjee, S. and
                Ramachandran, J. and
                Wahl, T.},
  title     = {{Make it real: Effective floating-point reasoning via exact arithmetic}},
  booktitle = {Proceedings of the 17th Design, Automation {\&} Test in Europe Conference {\&} Exhibition,
               ({DATE})},
  publisher = {IEEE},
  pages={1--4}, 
  year      = {2014}
}

@article{KirchnerKPSY15,
  author    = {Kirchner, F. and
               Kosmatov, N. and
               Prevosto, V. and
               Signoles, J. and
               Yakobowski, B.},
  title     = {{Frama-C}: {A} software analysis perspective},
  journal   = {Formal Aspects of Computing},
  volume    = {27},
  number    = {3},
  pages     = {573--609},
  year      = {2015}
}


@techreport{IEEE754floating,
     title = {{IEEE standard for binary floating-point arithmetic}},
     author = {IEEE},
     year = {2008},
     institution = {Institute of Electrical and Electronics Engineers}
}

@book{Lorentz86,
  author    = {Lorentz, G. G.},
  title     = {Bernstein Polynomials},
  year      = {1986},
  publisher = {Chelsea Publishing Company}
}

@techreport{Miner95,
  author      = {Paul Miner},
  title       = {Defining the {IEEE}-854 floating-point standard in {PVS}},
  number      = {TM-1995-110167},
  institution = {NASA},
  year        = {1995}
}

@article{MarreBC18,
  author    = {Marre, B. and
               Bobot, F. and
               Chihani, Z.},
  title     = {Real Behavior of Floating Point Numbers},
  journal   = {Proceedings of the 15th International Workshop on Satisfiability Modulo Theories (SMT).},
  year      = {2017}
}

@article{MagronCD16,
  author    = {Magron, V. and
               Constantinides, G. and
               Donaldson, A.},
  title     = {Certified Roundoff Error Bounds Using Semidefinite Programming},
  journal   = {{ACM} Trans. Math. Softw.},
  volume    = {43},
  number    = {4},
  pages     = {34:1--34:31},
  year      = {2017}
}

@article{MarcheM17,
  author    = {March{\'{e}}, C. and
               Moy, Y.},
  title     = {{The Jessie Plugin for Deductive Verification in Frama-C}},
  year      = {2017}
}

@article{Marche14,
  author    = {March{\'{e}}, C.},
  title     = {Verification of the functional behavior of a floating-point program:
               An industrial case study},
  journal   = {Science of Computer Programming},
  publisher = {Elsevier},
  volume    = {96},
  pages     = {279--296},
  year      = {2014}
}

@inproceedings{Martel02,
  author    = {Martel, M.},
  title     = {Propagation of Roundoff Errors in Finite Precision Computations: {A}
               Semantics Approach},
  booktitle = {Proceedings of the 11th European Symposium on Programming Languages and Systems,
               {ESOP} 2002},
  pages     = {194--208},
  year      = {2002},
  series    = {Lecture Notes in Computer Science},
  volume    = {2305},
  publisher = {Springer}
}

@inproceedings{Martel05,
  author    = {Martel, M.},
  title     = {An Overview of Semantics for the Validation of Numerical Programs},
  booktitle = {Proceedings of the 6th International
               Conference on Verification, Model Checking, and Abstract Interpretation, {VMCAI} 2005},
  pages     = {59--77},
  year      = {2005},
  series    = {Lecture Notes in Computer Science},
  volume    = {3385},
  publisher = {Springer},
  isbn      = {3-540-24297-X}
}

@article{Martel06,
  author    = {Martel, M.},
  title     = {Semantics of roundoff error propagation in finite precision calculations},
  journal   = {Higher-Order and Symbolic Computation},
  volume    = {19},
  number    = {1},
  pages     = {7--30},
  year      = {2006}
}

@inproceedings{Martel11,
  author    = {Martel, M.},
  title     = {Range{L}ab: {A} Static-Analyzer to Bound the Accuracy of Finite-Precision
               Computations},
  booktitle = {Proceedings of {SYNASC} 2011},
  pages     = {118--122},
  year      = {2011},
  publisher = {{IEEE} Computer Society}
}

@inproceedings{MouraB08,
  author    = {de Moura, L. and
               Bj{\o}rner, N.},
  title     = {{Z3}: An Efficient {SMT} Solver},
  booktitle = {Proceedings of the 14th International Conference on Tools and Algorithms for the Construction and Analysis of Systems {(TACAS)}},
  year      = {2008},
  pages={337--340},
  publisher = {Springer}
}

@inproceedings{Mine04,
  author    = {Min{\'{e}}, A.},
  title     = {Relational Abstract Domains for the Detection of Floating-Point Run-Time
               Errors},
  booktitle = {Proceedings of the 13th European Symposium on Programming Languages and Systems,
               {ESOP} 2004},
  pages     = {3--17},
  year      = {2004},
  series    = {Lecture Notes in Computer Science},
  volume    = {2986},
  publisher = {Springer}
}

@inproceedings{MoscatoMS15,
  author    = {Moscato, M. M. and
               Mu{\~{n}}oz, C. and
               Smith, A. P.},
  title     = {Affine Arithmetic and Applications to Real-Number Proving},
  booktitle = {Proceedings of {ITP} 2015},
  pages     = {294--309},
  year      = {2015},
  series    = {Lecture Notes in Computer Science},
  volume    = {9236},
  publisher = {Springer}
}

@inproceedings{MoscatoTDM17,
  author    = {Moscato, M. M. and
               Titolo, L. and
               Dutle, A. and
               Mu{\~{n}}oz, C. },
  title     = {Automatic Estimation of Verified Floating-Point Round-Off Errors via Static Analysis},
  booktitle = {Proceedings of the 36th International Conference on Computer Safety, Reliablilty, and Security, {SAFECOMP} 2017},
  year      = {2017},
  publisher = {Springer}
}

@article{MunozN13,
  Author = {Mu{\~{n}}oz, C. and Narkawicz, A.},
  Title  = {Formalization of a Representation of {B}ernstein Polynomials and Applications to Global Optimization},
  Journal = {Journal of Automated Reasoning},
  Volume = {51},
  Number = {2},
  Pages = {151--196},
  publisher = {Springer},
  year = {2013}
}

@article{MunozDNU16,
  Author = {Mu{\~{n}}oz, C. and Dutle, A. and Narkawicz, A. and Upchurch, J.},
  Title  = {{U}nmanned {A}ircraft {S}ystems in the {N}ational {A}irspace {S}ystem: A Formal Methods Perspective},
  Journal = {ACM SIGLOG News},
  Volume = {3},
  Number = {3},
  Pages = {67--76},
  publisher = {Association for Computing Machinery Special Interest Group on Logic and Computation},
  year = {2016}
}

@inproceedings{NarkawiczM13,
  author    = {Narkawicz, A. and
               Mu{\~{n}}oz, C.},
  title     = {A Formally Verified Generic Branching Algorithm for Global Optimization},
  booktitle = {Proceedings of the 5th International Conference on Verified Software: Theories, Tools, Experiments (VSTTE).},
  year      = {2013},
  pages = {326--343},
  publisher = {Springer}
}

@inproceedings{NarkawiczH16,
  author    = {Narkawicz, A. and
               Hagen, G.},
  title     = {Algorithms for Collision Detection Between a Point and a Moving Polygon,
               With Applications to Aircraft Weather Avoidance},
  booktitle = {Proceedings of the AIAA Aviation Conference},
  year      = {2016}
}

@inproceedings{NarkawiczMD17,
  author    = {Narkawicz, A. and
               Mu{\~{n}}oz, C. and
               Dutle, A.},
  title     = {The {MINERVA} Software Development Process},
  booktitle = {6th Workshop on Automated Formal Methods, AFM 2017},
  year      = {2017}
}


@inproceedings{OwreRS92,
  title = {{PVS}: A Prototype Verification System},
  author = {Owre, S. and Rushby, J. and Shankar, N.},
  booktitle = {Proceedings of the 11th International Conference on Automated Deduction (CADE)},
  publisher = {Springer},
  pages = {748--752},
  year = {1992}
}

@inproceedings{PanchekhaSWT15,
  author    = {Panchekha, P. and
               Sanchez{-}Stern, A. and
               Wilcox, J.R. and
               Tatlock Z.},
  title     = {Automatically improving accuracy for floating point expressions},
  booktitle = {Proceedings of the 36th {ACM} {SIGPLAN} Conference on Programming
               Language Design and Implementation, PLDI 2015},
  pages     = {1--11},
  year      = {2015},
  publisher = {{ACM}}
}

@article{RamachandranPW15,
  author    = { Ramachandran, J. and
                Pasareanu, C. S. and
                Wahl, T.},
  title     = {Symbolic Execution for Checking the Accuracy of Floating-Point Programs},
  journal   = {{ACM} {SIGSOFT} Software Engineering Notes},
  volume    = {40},
  number    = {1},
  pages     = {1--5},
  year      = {2015}
}

@inproceedings{RamachandranW16,
  author = { Ramachandran, J. and
                    Wahl, T.},
  title = {Integrating proxy theories and numeric model lifting for floating-point
               arithmetic},
  booktitle = {Proceedings of the 16th International Conference on Formal Methods in Computer-Aided Design, ({FMCAD})},
  publisher = {FMCAD Inc},
  pages={153--160}, 
  year      = {2016}
}

@inproceedings{RamananandroMML16,
  author    = {Ramananandro, T. and
               Mountcastle, P. and
               Meister, B. and
               Lethin, R.},
  title     = {A unified Coq framework for verifying {C} programs with floating-point
               computations},
  booktitle = {Proceedings of {CPP} 2016},
  pages     = {15--26},
  year      = {2016},
  publisher = {{ACM}}
}

@article{Roux16,
  author    = {Roux, P.},
  title     = {Formal Proofs of Rounding Error Bounds with Application to an Automatic Positive Definiteness Check},
  journal   = {Journal of Automatic Reasoning},
  volume    = {57},
  pages     = {135--156},
  year      = {2016}
}

@inproceedings{Rubio-GonzalezNNDKSBIH13,
  author    = {Rubio-Gonz{\'a}lez, C. and
               Nguyen, C. and
               Nguyen, H.D. and
               Demmel, J. and
               Kahan, W. and
               Sen, K. and
               Bailey, D.H. and
               Iancu, C. and
               Hough, D.},
  title     = {Precimonious: tuning assistant for floating-point precision},
  booktitle = {International Conference for High Performance Computing, Networking,
               Storage and Analysis, SC'13},
  publisher = {{ACM}},
  year      = {2013},
  pages     = {27}
}

@InProceedings{Rubio-GonzalezFPPTUBA16,
  author = {Rubio-Gonz{\'a}lez, C. and
            Nguyen, C. and
            Mehne, B. and
            Sen, K. and
            Demmel, J. and
            Kahan, W. and
            Iancu, C. and
            Lavrijen, W. and
            Bailey, D.H. and
            Hough, D.},
  title  = {{Floating-Point Precision Tuning Using Blame Analysis}},
  booktitle = {38th International Conference on Software Engineering},
  year      = {2016}
}

@inproceedings{SmithMNM15,
  author    = {Smith, A. P. and
               Mu{\~{n}}oz, C. and
               Narkawicz, A. J. and
                Markevicius, M.},
  title     = {A Rigorous Generic Branch and Bound Solver for Nonlinear Problems},
  booktitle = {Proceedings of the 17th International Symposium on Symbolic and Numeric Algorithms for
               Scientific Computing, {SYNASC} 2015},
  pages     = {71--78},
  year      = {2015}
}

@inproceedings{SolovyevJRG15,
  author    = {Solovyev, A. and
               Jacobsen, C. and
               Rakamaric, Z. and
               Gopalakrishnan, G.},
  title     = {Rigorous Estimation of Floating-Point Round-off Errors with {Symbolic
                 Taylor Expansions}},
  booktitle = {Proceedings of the 20th International Symposium on Formal Methods {(FM)}},
  year      = {2015},
  pages={532--550},
  publisher = {Springer}
}


@article{Stevenson81,
  author    = {Stevenson, D.},
  title     = {A Proposed Standard for Binary Floating-Point Arithmetic},
  journal   = {{IEEE} Computer},
  volume    = {14},
  number    = {3},
  pages     = {51--62},
  year      = {1981}
}

@inproceedings{TitoloFMM18,
  author    = {Titolo, L. and
               Feli{\'{u}}, M. and
               Moscato, M. and
               Mu{\~{n}}oz, C.},
  title     = {An Abstract Interpretation Framework for the Round-Off Error Analysis
               of Floating-Point Programs},
  booktitle = {Proceedings of the 19th International
               Conference on Verification, Model Checking, and Abstract Interpretation {(VMCAI)}},
  year      = {2018},
  pages 	= {516--537},
  publisher = {Springer},
}

@inproceedings{TitoloMFM18,
  author    = {Titolo, L. and
               Mu{\~{n}}oz, C. and
               Feli{\'{u}}, M. and
               Moscato, M. },
  title     = {Eliminating Unstable Tests in Floating-Point Programs},
  booktitle = {Proceedings of the 28th International Symposium on Logic-Based Program Synthesis and Transformation {(LOPSTR)}},
  year      = {2018},
  pages = {169--183},
  publisher = {Springer},
}

@inproceedings{Tarski55,
 author = {Tarski, A.},
 title = {A lattice-theoretical fixpoint theorem and its applications},
 booktitle = {Pacific Journal of Mathematics},
 year = {1955},
 pages = {285-Ð309}
}  

@article{ThevenouxLM17,
  author    = {Th{\'{e}}venoux, L. and
               Langlois, P. and
               Martel, M.},
  title     = {Automatic source-to-source error compensation of floating-point programs:
               code synthesis to optimize accuracy and time},
  journal   = {{Concurrency and Computation: Practice and Experience}},
  volume    = {29},
  number    = {7},
  year      = {2017}
}

@inproceedings{ThevenouxLM15,
  author    = {Th{\'{e}}venoux, L. and
               Langlois, P. and
               Martel, M.},
  title     = {Automatic Source-to-Source Error Compensation of Floating-Point Programs},
  booktitle = {18th {IEEE} International Conference on Computational Science and
               Engineering, {CSE} 2015},
  publisher = {{IEEE} Computer Society},
  pages     = {9--16},
  year      = {2015}
}

@inproceedings{ZeljicBWR18,
  author    = { Zeljic, A. and
                Backeman, P. and
                Wintersteiger, C. M. and
                R{\"{u}}mmer, P.},
  title     = {Exploring Approximations for Floating-Point Arithmetic Using {UppSAT}},
  booktitle = {Proceedings of the 9th International Joint Conference on Automated Reasoning ({IJCAR})},
  publisher = {Springer},
  pages={246--262},
  year      = {2018}
}

@inproceedings{jconstraints,
  author = {Falk Howar and Fadi Jabbour and Malte Mues},
  title = {{JConstraints}: A Library for Working with Logic Expressions in {Java}},
  year = {2019},
  booktitle = {Essays Dedicated to Bernhard Steffen on the Occasion of His 60th Birthday},
  note = {to appear},
}

